
		<record>
			<recordSchema>marcxml</recordSchema>
			<recordPacking>xml</recordPacking>
			<recordData>
				<record xmlns="http://www.loc.gov/MARC21/slim">
					<leader>00761naa a2200193 c 4500</leader>
					<controlfield tag="001">991109011219705501</controlfield>
					<controlfield tag="005">20201223015926.0</controlfield>
					<controlfield tag="008">180606nuuuuuuuuxx ||||| ---- 00| ||und d</controlfield>
					<datafield ind1=" " ind2=" " tag="035">
						<subfield code="a">(swissbib)005226953-41slsp_network</subfield>
					</datafield>
					<datafield ind1=" " ind2=" " tag="035">
						<subfield code="a">005226953</subfield>
						<subfield code="9">ExL</subfield>
					</datafield>
					<datafield ind1=" " ind2=" " tag="035">
						<subfield code="a">(IDSSG)000993283HSB01</subfield>
					</datafield>
					<datafield ind1=" " ind2=" " tag="040">
						<subfield code="a">SzZuIDS HSG</subfield>
						<subfield code="b">ger</subfield>
						<subfield code="d">CH-ZuSLS</subfield>
					</datafield>
					<datafield ind1="1" ind2=" " tag="100">
						<subfield code="a">Long, Andrew F.</subfield>
						<subfield code="e">Verfasser</subfield>
						<subfield code="4">aut</subfield>
					</datafield>
					<datafield ind1="1" ind2="0" tag="245">
						<subfield code="a">Evaluating Health Services: from Value for Money to the Valuing of Health Services</subfield>
						<subfield code="c">Andrew F. Long</subfield>
					</datafield>
					<datafield ind1=" " ind2=" " tag="336">
						<subfield code="b">txt</subfield>
						<subfield code="2">rdacontent</subfield>
					</datafield>
					<datafield ind1=" " ind2=" " tag="337">
						<subfield code="b">n</subfield>
						<subfield code="2">rdamedia</subfield>
					</datafield>
					<datafield ind1=" " ind2=" " tag="338">
						<subfield code="b">nc</subfield>
						<subfield code="2">rdacarrier</subfield>
					</datafield>
					<datafield ind1=" " ind2=" " tag="690">
						<subfield code="e">YQ</subfield>
						<subfield code="a">Wirtschaftswissenschaften : Spezielle Betriebswirtschaftslehren</subfield>
						<subfield code="2">hsg-iff</subfield>
					</datafield>
					<datafield ind1="0" ind2=" " tag="773">
						<subfield code="t">Pollitt,Christopher: Handbook of Public Services Management</subfield>
						<subfield code="g">59-72</subfield>
						<subfield code="q">0059</subfield>
						<subfield code="w">(IDSSG)000992562HSB01</subfield>
					</datafield>
				</record>
			</recordData>
			<recordIdentifier>991109011219705501</recordIdentifier>
			<recordPosition>4</recordPosition>
		</record>