
		<record>
			<recordSchema>marcxml</recordSchema>
			<recordPacking>xml</recordPacking>
			<recordData>
				<record xmlns="http://www.loc.gov/MARC21/slim">
					<leader>00709nam a22002172c 4500</leader>
					<controlfield tag="001">991001145469705501</controlfield>
					<controlfield tag="005">20201223013828.0</controlfield>
					<controlfield tag="008">180606s1992    xx ||||| ---- 00| ||ger d</controlfield>
					<datafield ind1=" " ind2=" " tag="020">
						<subfield code="a">063116961X</subfield>
					</datafield>
					<datafield ind1=" " ind2=" " tag="035">
						<subfield code="a">(swissbib)005212308-41slsp_network</subfield>
					</datafield>
					<datafield ind1=" " ind2=" " tag="035">
						<subfield code="a">005212308</subfield>
						<subfield code="9">ExL</subfield>
					</datafield>
					<datafield ind1=" " ind2=" " tag="035">
						<subfield code="a">(IDSSG)000992562HSB01</subfield>
					</datafield>
					<datafield ind1=" " ind2=" " tag="040">
						<subfield code="a">SzZuIDS HSG</subfield>
						<subfield code="b">ger</subfield>
						<subfield code="d">CH-ZuSLS</subfield>
					</datafield>
					<datafield ind1="1" ind2=" " tag="100">
						<subfield code="a">Pollitt, Christopher</subfield>
						<subfield code="e">Verfasser</subfield>
						<subfield code="4">aut</subfield>
					</datafield>
					<datafield ind1="1" ind2="0" tag="245">
						<subfield code="a">Handbook of Public Services Management</subfield>
						<subfield code="c">Christopher Pollitt</subfield>
					</datafield>
					<datafield ind1=" " ind2="1" tag="264">
						<subfield code="a">Oxford</subfield>
						<subfield code="b">Blackwell</subfield>
						<subfield code="c">1992</subfield>
					</datafield>
					<datafield ind1=" " ind2=" " tag="300">
						<subfield code="a">283 Seiten</subfield>
					</datafield>
					<datafield ind1=" " ind2=" " tag="336">
						<subfield code="b">txt</subfield>
						<subfield code="2">rdacontent</subfield>
					</datafield>
					<datafield ind1=" " ind2=" " tag="337">
						<subfield code="b">n</subfield>
						<subfield code="2">rdamedia</subfield>
					</datafield>
					<datafield ind1=" " ind2=" " tag="338">
						<subfield code="b">nc</subfield>
						<subfield code="2">rdacarrier</subfield>
					</datafield>
					<datafield ind1=" " ind2=" " tag="690">
						<subfield code="e">YQ</subfield>
						<subfield code="a">Wirtschaftswissenschaften : Spezielle Betriebswirtschaftslehren</subfield>
						<subfield code="2">hsg-iff</subfield>
					</datafield>
					<datafield ind1="0" ind2="1" tag="852">
						<subfield code="a">41SLSP_HSG</subfield>
						<subfield code="6">999925620105506</subfield>
						<subfield code="9">P</subfield>
					</datafield>
				</record>
			</recordData>
			<recordIdentifier>991001145469705501</recordIdentifier>
			<recordPosition>7</recordPosition>
		</record>